@article{bekkerman2004automatic,
  title={Automatic categorization of email into folders: Benchmark experiments on Enron and SRI corpora},
  author={Bekkerman, Ron},
  year={2004}
}

@article{dehghani2016alecsa,
  title={Alecsa: Attentive Learning for Email Categorization using Structural Aspects},
  author={Dehghani, Mostafa and Shakery, Azadeh and Mirian, Maryam S},
  journal={Knowledge-Based Systems},
  year={2016},
  publisher={Elsevier}
}

@article{cormack2007email,
  title={Email spam filtering: A systematic review},
  author={Cormack, Gordon V},
  journal={Foundations and Trends in Information Retrieval},
  volume={1},
  number={4},
  pages={335--455},
  year={2007},
  publisher={Now Publishers Inc.}
}